<record><leader>00000cas a2200000 a 4500</leader><controlfield tag="001">7618597</controlfield><controlfield tag="008">810727c197u9999nmuwr n       0   a0eng d</controlfield><datafield ind1=" " ind2=" " tag="010"><subfield code="a">sn 88084009 </subfield></datafield><datafield ind1=" " ind2=" " tag="040"><subfield code="a">IQU</subfield><subfield code="b">eng</subfield><subfield code="c">IQU</subfield><subfield code="d">PPM</subfield><subfield code="d">NST</subfield><subfield code="d">NVM</subfield><subfield code="d">OCL</subfield><subfield code="d">OCLCQ</subfield><subfield code="d">DLC</subfield><subfield code="d">OCLCF</subfield><subfield code="d">OCLCO</subfield></datafield><datafield ind1=" " ind2=" " tag="012"><subfield code="i">8910</subfield><subfield code="m">1</subfield></datafield><datafield ind1="0" ind2=" " tag="022"><subfield code="a">2160-6781</subfield><subfield code="2">1</subfield></datafield><datafield ind1="1" ind2=" " tag="029"><subfield code="a">AU@</subfield><subfield code="b">000025805887</subfield></datafield><datafield ind1=" " ind2=" " tag="032"><subfield code="a">315710</subfield><subfield code="b">USPS</subfield></datafield><datafield ind1=" " ind2=" " tag="042"><subfield code="a">msc</subfield><subfield code="a">nsdp</subfield></datafield><datafield ind1=" " ind2=" " tag="043"><subfield code="a">n-us-nm</subfield></datafield><datafield ind1="1" ind2="0" tag="050"><subfield code="a">ISSN RECORD</subfield></datafield><datafield ind1="1" ind2="0" tag="082"><subfield code="a">070</subfield><subfield code="2">14</subfield></datafield><datafield ind1=" " ind2="0" tag="222"><subfield code="a">Quay County sun</subfield></datafield><datafield ind1="0" ind2="0" tag="245"><subfield code="a">Quay County sun.</subfield></datafield><datafield ind1="1" ind2=" " tag="246"><subfield code="i">Issues for &lt;March 2011-   &gt; have title:</subfield><subfield code="a">QC sun</subfield></datafield><datafield ind1=" " ind2=" " tag="260"><subfield code="a">Tucumcari, N.M. :</subfield><subfield code="b">Quay County Sun</subfield></datafield><datafield ind1=" " ind2=" " tag="300"><subfield code="a">v.</subfield></datafield><datafield ind1=" " ind2=" " tag="310"><subfield code="a">Weekly,</subfield><subfield code="b">Oct. 7, 2010-</subfield></datafield><datafield ind1=" " ind2=" " tag="321"><subfield code="a">Weekly,</subfield><subfield code="b">1975-Sept. 5, 1976</subfield></datafield><datafield ind1=" " ind2=" " tag="321"><subfield code="a">Semiweekly,</subfield><subfield code="b">Sept. 8, 1976-</subfield></datafield><datafield ind1="0" ind2=" " tag="362"><subfield code="a">Vol. 1, no. 1 (Nov. 2, 1975)-</subfield></datafield><datafield ind1=" " ind2="0" tag="651"><subfield code="a">Tucumcari (N.M.)</subfield><subfield code="v">Newspapers.</subfield></datafield><datafield ind1=" " ind2="0" tag="651"><subfield code="a">Quay County (N.M.)</subfield><subfield code="v">Newspapers.</subfield></datafield><datafield ind1=" " ind2="7" tag="655"><subfield code="a">Newspapers.</subfield><subfield code="2">fast</subfield><subfield code="0">(OCoLC)fst01423814</subfield></datafield><datafield ind1=" " ind2="7" tag="651"><subfield code="a">New Mexico</subfield><subfield code="z">Quay County.</subfield><subfield code="2">fast</subfield><subfield code="0">(OCoLC)fst01215726</subfield></datafield><datafield ind1=" " ind2="7" tag="651"><subfield code="a">New Mexico</subfield><subfield code="z">Tucumcari.</subfield><subfield code="2">fast</subfield><subfield code="0">(OCoLC)fst01231814</subfield></datafield><datafield ind1=" " ind2=" " tag="752"><subfield code="a">United States</subfield><subfield code="b">New Mexico</subfield><subfield code="c">Quay</subfield><subfield code="d">Tucumcari.</subfield></datafield><datafield ind1="0" ind2="8" tag="776"><subfield code="i">Also issued online:</subfield><subfield code="t">Quay County sun (Online)</subfield><subfield code="w">(OCoLC)144526648</subfield></datafield><datafield ind1=" " ind2=" " tag="850"><subfield code="a">NmU</subfield></datafield><datafield ind1=" " ind2=" " tag="936"><subfield code="a">June 10, 1981</subfield></datafield></record>